%% This BibTeX bibliography file was created using BibDesk.
%% http://bibdesk.sourceforge.net/

%% Created for Tasos at 2015-12-02 16:51:28 +0100 


%% Saved with string encoding Unicode (UTF-8) 



@article{smarr1973mass,
	Author = {Smarr, Larry},
	Date-Added = {2015-12-02 15:42:12 +0000},
	Date-Modified = {2015-12-02 15:42:12 +0000},
	Journal = {Physical Review Letters},
	Number = {2},
	Pages = {71},
	Publisher = {APS},
	Title = {Mass formula for Kerr black holes},
	Volume = {30},
	Year = {1973}}

@article{hawking1974black,
	Author = {Hawking, Stephen W},
	Date-Added = {2015-12-02 15:01:23 +0000},
	Date-Modified = {2015-12-02 15:01:23 +0000},
	Journal = {Nature},
	Number = {5443},
	Pages = {30--31},
	Title = {Black hole explosions},
	Volume = {248},
	Year = {1974}}

@article{hawking1974nature,
	Author = {Hawking, SW},
	Date-Added = {2015-12-02 14:46:36 +0000},
	Date-Modified = {2015-12-02 14:46:36 +0000},
	Journal = {Commun. Math. Phys},
	Pages = {199},
	Title = {Nature 248 30 Hawking SW 1975},
	Volume = {43},
	Year = {1974}}

@article{bekenstein1973black,
	Author = {Bekenstein, Jacob D},
	Date-Added = {2015-12-02 14:44:28 +0000},
	Date-Modified = {2015-12-02 14:44:28 +0000},
	Journal = {Physical Review D},
	Number = {8},
	Pages = {2333},
	Publisher = {APS},
	Title = {Black holes and entropy},
	Volume = {7},
	Year = {1973}}

@article{nordstrom1918energy,
	Author = {Nordstr{\"o}m, Gunnar},
	Date-Added = {2015-12-02 14:36:08 +0000},
	Date-Modified = {2015-12-02 14:36:08 +0000},
	Journal = {Koninklijke Nederlandse Akademie van Wetenschappen Proceedings Series B Physical Sciences},
	Pages = {1238--1245},
	Title = {On the Energy of the Gravitation field in Einstein's Theory},
	Volume = {20},
	Year = {1918}}

@article{reissner1916eigengravitation,
	Author = {Reissner, Hans},
	Date-Added = {2015-12-02 14:34:27 +0000},
	Date-Modified = {2015-12-02 14:34:27 +0000},
	Journal = {Annalen der Physik},
	Number = {9},
	Pages = {106--120},
	Publisher = {Wiley Online Library},
	Title = {{\"U}ber die Eigengravitation des elektrischen Feldes nach der Einsteinschen Theorie},
	Volume = {355},
	Year = {1916}}

@article{kerr1963gravitational,
	Author = {Kerr, Roy P},
	Date-Added = {2015-12-02 14:31:08 +0000},
	Date-Modified = {2015-12-02 14:31:08 +0000},
	Journal = {Physical review letters},
	Number = {5},
	Pages = {237},
	Publisher = {APS},
	Title = {Gravitational field of a spinning mass as an example of algebraically special metrics},
	Volume = {11},
	Year = {1963}}

@article{newman1965metric,
	Author = {Newman, Ezra T and Couch, E and Chinnapared, K and Exton, A and Prakash, A and Torrence, R},
	Date-Added = {2015-12-02 14:30:28 +0000},
	Date-Modified = {2015-12-02 14:30:28 +0000},
	Journal = {Journal of mathematical physics},
	Number = {6},
	Pages = {918--919},
	Publisher = {AIP Publishing},
	Title = {Metric of a rotating, charged mass},
	Volume = {6},
	Year = {1965}}

@article{newman1965note,
	Author = {Newman, Ezra T and Janis, AI},
	Date-Added = {2015-12-02 14:29:50 +0000},
	Date-Modified = {2015-12-02 14:29:50 +0000},
	Journal = {Journal of Mathematical Physics},
	Number = {6},
	Pages = {915--917},
	Publisher = {AIP Publishing},
	Title = {Note on the Kerr Spinning-Particle Metric},
	Volume = {6},
	Year = {1965}}

@article{kastor2009enthalpy,
	Author = {Kastor, David and Ray, Sourya and Traschen, Jennie},
	Date-Added = {2015-11-29 23:52:12 +0000},
	Date-Modified = {2015-11-29 23:52:12 +0000},
	Journal = {Classical and Quantum Gravity},
	Number = {19},
	Pages = {195011},
	Publisher = {IOP Publishing},
	Title = {Enthalpy and the mechanics of AdS black holes},
	Volume = {26},
	Year = {2009}}

@article{bazanski1990gauss,
	Author = {Ba{\.z}a{\'n}ski, Stanislaw {\L} and {\.Z}y{\l}a, Piotr},
	Date-Added = {2015-11-29 23:47:58 +0000},
	Date-Modified = {2015-11-29 23:47:58 +0000},
	Journal = {General relativity and gravitation},
	Number = {4},
	Pages = {379--387},
	Publisher = {Springer},
	Title = {A Gauss type law for gravity with a cosmological constant},
	Volume = {22},
	Year = {1990}}

@article{ross2005black,
	Author = {Ross, Simon F},
	Date-Added = {2015-11-29 23:20:22 +0000},
	Date-Modified = {2015-11-29 23:20:22 +0000},
	Journal = {arXiv preprint hep-th/0502195},
	Title = {Black hole thermodynamics},
	Year = {2005}}

@article{kodama2011lecture,
	Author = {Kodama, Hideo},
	Date-Added = {2015-11-29 19:28:05 +0000},
	Date-Modified = {2015-11-29 19:28:05 +0000},
	Title = {Lecture on Black Holes},
	Year = {2011}}

@article{komar1963positive,
	Author = {Komar, Arthur},
	Date-Added = {2015-11-29 19:21:02 +0000},
	Date-Modified = {2015-11-29 19:21:02 +0000},
	Journal = {Physical Review},
	Number = {4},
	Pages = {1873},
	Publisher = {APS},
	Title = {Positive-definite energy density and global consequences for general relativity},
	Volume = {129},
	Year = {1963}}

@article{strominger1996microscopic,
	Author = {Strominger, Andrew and Vafa, Cumrun},
	Date-Added = {2015-11-29 19:17:40 +0000},
	Date-Modified = {2015-11-29 19:17:40 +0000},
	Journal = {Physics Letters B},
	Number = {1},
	Pages = {99--104},
	Publisher = {Elsevier},
	Title = {Microscopic origin of the Bekenstein-Hawking entropy},
	Volume = {379},
	Year = {1996}}

@article{demystified2009demystified,
	Author = {Demystified, Accounting},
	Date-Added = {2015-11-29 19:11:11 +0000},
	Date-Modified = {2015-11-29 19:11:11 +0000},
	Title = {Demystified Series},
	Year = {2009}}

@book{mcmahon2006relativity,
	Author = {McMahon, David},
	Date-Added = {2015-11-29 19:08:06 +0000},
	Date-Modified = {2015-11-29 19:08:06 +0000},
	Publisher = {Tata McGraw-Hill Education},
	Title = {Relativity demystified},
	Year = {2006}}

@book{schutz2009first,
	Author = {Schutz, Bernard},
	Date-Added = {2015-11-29 19:07:06 +0000},
	Date-Modified = {2015-11-29 19:07:06 +0000},
	Publisher = {Cambridge university press},
	Title = {A first course in general relativity},
	Year = {2009}}

@article{brown1993quasilocal,
	Author = {Brown, J David and York Jr, James W},
	Date-Added = {2015-11-28 08:42:01 +0000},
	Date-Modified = {2015-11-28 08:42:01 +0000},
	Journal = {Physical Review D},
	Number = {4},
	Pages = {1407},
	Publisher = {APS},
	Title = {Quasilocal energy and conserved charges derived from the gravitational action},
	Volume = {47},
	Year = {1993}}

@article{breitenlohner19884,
	Author = {Breitenlohner, Peter and Maison, Dieter and Gibbons, Gary},
	Date-Added = {2015-11-28 08:32:13 +0000},
	Date-Modified = {2015-11-28 08:32:13 +0000},
	Journal = {Communications in Mathematical Physics},
	Number = {2},
	Pages = {295--333},
	Publisher = {Springer},
	Title = {4-dimensional black holes from Kaluza-Klein theories},
	Volume = {120},
	Year = {1988}}

@incollection{bena2008black,
	Author = {Bena, Iosif and Warner, Nicholas P},
	Booktitle = {Supersymmetric Mechanics-Vol. 3},
	Date-Added = {2015-11-28 08:31:26 +0000},
	Date-Modified = {2015-11-28 08:31:26 +0000},
	Pages = {1--92},
	Publisher = {Springer},
	Title = {Black Holes, Black Rings, and their Microstates},
	Year = {2008}}

@article{danielsson2009towards,
	Author = {Danielsson, Ulf H and Haque, Sheikh Shajidul and Shiu, Gary and Van Riet, Thomas},
	Date-Added = {2015-11-27 08:01:42 +0000},
	Date-Modified = {2015-11-27 08:01:42 +0000},
	Journal = {Journal of High Energy Physics},
	Number = {09},
	Pages = {114},
	Publisher = {IOP Publishing},
	Title = {Towards classical de Sitter solutions in string theory},
	Volume = {2009},
	Year = {2009}}

@article{emparan2008black,
	Author = {Emparan, Roberto and Reall, Harvey S},
	Date-Added = {2015-11-26 16:27:49 +0000},
	Date-Modified = {2015-11-26 16:27:49 +0000},
	Journal = {Living Rev. Rel},
	Number = {6},
	Pages = {0801--3471},
	Title = {Black holes in higher dimensions},
	Volume = {11},
	Year = {2008}}

@article{townsend1997black,
	Author = {Townsend, Paul K},
	Date-Added = {2015-11-26 16:27:29 +0000},
	Date-Modified = {2015-11-26 16:27:29 +0000},
	Journal = {arXiv preprint gr-qc/9707012},
	Title = {Black holes},
	Year = {1997}}

@article{hartle2003gravity,
	Author = {Hartle, James B and Dray, Tevian},
	Date-Added = {2015-11-26 16:26:45 +0000},
	Date-Modified = {2015-11-26 16:26:45 +0000},
	Journal = {American Journal of Physics},
	Number = {10},
	Pages = {1086--1087},
	Publisher = {American Association of Physics Teachers},
	Title = {Gravity: An Introduction to Einstein's General Relativity},
	Volume = {71},
	Year = {2003}}

@article{hawking1996gravitational,
	Author = {Hawking, Stephen W and Horowitz, Gary T},
	Date-Added = {2015-11-26 16:26:08 +0000},
	Date-Modified = {2015-11-26 16:26:08 +0000},
	Journal = {Classical and Quantum Gravity},
	Number = {6},
	Pages = {1487},
	Publisher = {IOP Publishing},
	Title = {The gravitational Hamiltonian, action, entropy and surface terms},
	Volume = {13},
	Year = {1996}}

@article{yamaguchi2007bubbling,
	Author = {Yamaguchi, Satoshi},
	Date-Added = {2015-11-26 16:25:07 +0000},
	Date-Modified = {2015-11-26 16:25:07 +0000},
	Journal = {International Journal of Modern Physics A},
	Number = {07},
	Pages = {1353--1374},
	Publisher = {World Scientific},
	Title = {Bubbling geometries for half-BPS Wilson lines},
	Volume = {22},
	Year = {2007}}

@article{lin2004bubbling,
	Author = {Lin, Hai and Lunin, Oleg and Maldacena, Juan},
	Date-Added = {2015-11-26 16:24:49 +0000},
	Date-Modified = {2015-11-26 16:24:49 +0000},
	Journal = {Journal of High Energy Physics},
	Number = {10},
	Pages = {025},
	Publisher = {IOP Publishing},
	Title = {Bubbling AdS space and 1/2 BPS geometries},
	Volume = {2004},
	Year = {2004}}

@article{nastase2011introduction,
	Author = {Nastase, Horatiu},
	Date-Added = {2015-11-26 16:24:16 +0000},
	Date-Modified = {2015-11-26 16:24:16 +0000},
	Journal = {arXiv preprint arXiv:1112.3502},
	Title = {Introduction to supergravity},
	Year = {2011}}

@article{hori2000mirror,
	Author = {Hori, Kentaro and Vafa, Cumrun},
	Date-Added = {2015-11-26 16:23:29 +0000},
	Date-Modified = {2015-11-26 16:23:29 +0000},
	Journal = {arXiv preprint hep-th/0002222},
	Title = {Mirror symmetry},
	Year = {2000}}

@book{nakahara2003geometry,
	Author = {Nakahara, Mikio},
	Date-Added = {2015-11-26 16:23:06 +0000},
	Date-Modified = {2015-11-26 16:23:06 +0000},
	Publisher = {CRC Press},
	Title = {Geometry, topology and physics},
	Year = {2003}}

@book{freedman2012supergravity,
	Author = {Freedman, Daniel Z and Van Proeyen, Antoine},
	Date-Added = {2015-11-26 16:22:42 +0000},
	Date-Modified = {2015-11-26 16:22:42 +0000},
	Publisher = {Cambridge University Press},
	Title = {Supergravity},
	Year = {2012}}

@article{haas2014smarr,
	Author = {Haas, Patrick A},
	Date-Added = {2015-11-26 16:22:23 +0000},
	Date-Modified = {2015-11-26 16:22:23 +0000},
	Journal = {arXiv preprint arXiv:1405.3708},
	Title = {Smarr's Formula in Eleven-Dimensional Supergravity},
	Year = {2014}}

@article{kastor2008komar,
	Author = {Kastor, David},
	Date-Added = {2015-11-26 16:20:11 +0000},
	Date-Modified = {2015-11-26 16:20:11 +0000},
	Journal = {Classical and Quantum Gravity},
	Number = {17},
	Pages = {175007},
	Publisher = {IOP Publishing},
	Title = {Komar integrals in higher (and lower) derivative gravity},
	Volume = {25},
	Year = {2008}}

@article{blaaback2010smeared,
	Author = {Bl{\aa}b{\"a}ck, Johan and Danielsson, Ulf H and Junghans, Daniel and Van Riet, Thomas and Wrase, Timm and Zagermann, Marco},
	Date-Added = {2015-11-26 16:19:41 +0000},
	Date-Modified = {2015-11-26 16:19:41 +0000},
	Journal = {Journal of High Energy Physics},
	Number = {12},
	Pages = {1--23},
	Publisher = {Springer},
	Title = {Smeared versus localised sources in flux compactifications},
	Volume = {2010},
	Year = {2010}}

@article{de2015structure,
	Author = {de Lange, Paul and Mayerson, Daniel R and Vercnocke, Bert},
	Date-Added = {2015-11-26 16:19:11 +0000},
	Date-Modified = {2015-11-26 16:19:11 +0000},
	Journal = {arXiv preprint arXiv:1504.07987},
	Title = {Structure of Six-Dimensional Microstate Geometries},
	Year = {2015}}

@misc{green1987superstring,
	Author = {Green, Michael B and Schwarz, John H and Witten, Edward},
	Date-Added = {2015-11-26 16:18:32 +0000},
	Date-Modified = {2015-11-26 16:18:32 +0000},
	Publisher = {Cambridge University Press Cambridge},
	Title = {Superstring theory, vol. 1, 2},
	Year = {1987}}

@article{polchinski1998string2,
	Author = {Polchinski, Joseph},
	Date-Added = {2015-11-26 16:17:44 +0000},
	Date-Modified = {2015-11-26 16:17:59 +0000},
	Journal = {Cambridge, UK: Univ. Pr},
	Title = {String theory. Vol. 1: An introduction to the bosonic string. Vol. 2: Superstring theory and beyond},
	Volume = {402},
	Year = {1998}}

@article{polchinski1998string,
	Author = {Polchinski, Joseph},
	Date-Added = {2015-11-26 16:17:38 +0000},
	Date-Modified = {2015-11-26 16:17:38 +0000},
	Journal = {Cambridge, UK: Univ. Pr},
	Title = {String theory. Vol. 2: Superstring theory and beyond},
	Volume = {51},
	Year = {1998}}

@book{becker2006string,
	Author = {Becker, Katrin and Becker, Melanie and Schwarz, John H},
	Date-Added = {2015-11-26 16:17:09 +0000},
	Date-Modified = {2015-11-26 16:17:09 +0000},
	Publisher = {Cambridge University Press},
	Title = {String theory and M-theory: A modern introduction},
	Year = {2006}}

@incollection{schwarz2001introduction,
	Author = {Schwarz, John H},
	Booktitle = {Techniques and Concepts of High-Energy Physics},
	Date-Added = {2015-11-26 16:16:20 +0000},
	Date-Modified = {2015-11-26 16:16:20 +0000},
	Pages = {143--187},
	Publisher = {Springer},
	Title = {Introduction to superstring theory},
	Year = {2001}}

@article{skenderis2000black,
	Author = {Skenderis, Kostas},
	Date-Added = {2015-11-26 16:14:25 +0000},
	Date-Modified = {2015-11-26 16:14:25 +0000},
	Journal = {From the Planck Length to the Hubble Radius},
	Pages = {345},
	Title = {Black holes and branes in string theory},
	Volume = {1},
	Year = {2000}}

@book{carroll2004spacetime,
	Author = {Carroll, Sean M},
	Date-Added = {2015-11-26 16:12:34 +0000},
	Date-Modified = {2015-11-26 16:12:34 +0000},
	Title = {Spacetime and geometry. An introduction to general relativity},
	Volume = {1},
	Year = {2004}}

@article{balasubramanian1999stress,
	Author = {Balasubramanian, Vijay and Kraus, Per},
	Date-Added = {2015-11-26 16:05:53 +0000},
	Date-Modified = {2015-11-26 16:05:53 +0000},
	Journal = {Communications in Mathematical Physics},
	Number = {2},
	Pages = {413--428},
	Publisher = {Springer},
	Title = {A stress tensor for anti-de Sitter gravity},
	Volume = {208},
	Year = {1999}}

@article{gibbonsglobal,
	Author = {Gibbons, GW and Warner, NP},
	Date-Added = {2015-11-26 15:55:19 +0000},
	Date-Modified = {2015-11-28 13:12:02 +0000},
	Journal = {arXiv preprint arXiv:1305.0957},
	Title = {Global Structure of Five-dimensional BPS Fuzzballs},
	Year = {2014}}
